@article{cours,
 title = {GMC 721 - Rayonnement acoustique des structures},
author = {Berry},
date = {2017}
}

@article{thesis1,
 title = {Modelling of sound transmission through multilayered elements using the transfer matrix method},
author = {KARIN TAGEMAN},
date = {2013}
}

@article{champoux_dynamic_1991,
  title = {Dynamic Tortuosity and Bulk Modulus in Air‐saturated Porous Media},
  volume = {70},
  issn = {0021-8979, 1089-7550},
  url = {http://aip.scitation.org/doi/10.1063/1.349482},
  doi = {10.1063/1.349482},
  timestamp = {2017-03-27T16:28:35Z},
  langid = {english},
  number = {4},
  journaltitle = {Journal of Applied Physics},
  author = {Champoux, Yvan and Allard, Jean‐F.},
  urldate = {2017-03-27},
  date = {1991-08-15},
  pages = {1975--1979},
  file = {Champoux-Allard-1991-Dynamic tortuosity and bulk modulus in air‐saturated porous media.pdf:/home/dupont/Documents/Zotero/Articles/ChampouxY-AllardJ/1991/Champoux-Allard-1991-Dynamic tortuosity and bulk modulus in air‐saturated porous media.pdf:application/pdf}
}



@article{vas,
 title = {Insonorisation industrielle: les encoffrements},
author = {Jean Claude Pascal},
date = {2009}
}
@article{vigran2008room,
  title = {Room Acoustics},
  timestamp = {2017-08-21T20:55:30Z},
  journaltitle = {Building acoustics. Taylor \& Francis},
  author = {Vigran, TE},
  date = {2008},
  pages = {103--151}
}

@article{johnson_theory_1987,
  title = {Theory of Dynamic Permeability and Tortuosity in Fluid-Saturated Porous Media},
  volume = {176},
  issn = {0022-1120, 1469-7645},
  url = {http://www.journals.cambridge.org/abstract_S0022112087000727},
  doi = {10.1017/S0022112087000727},
  timestamp = {2017-03-16T09:35:04Z},
  langid = {english},
  number = {-1},
  journaltitle = {Journal of Fluid Mechanics},
  author = {Johnson, David Linton and Koplik, Joel and Dashen, Roger},
  urldate = {2017-02-09},
  date = {1987-03},
  pages = {379},
  file = {Johnson et al-1987-Theory of dynamic permeability and tortuosity in fluid-saturated porous media_3.pdf:/home/dupont/Documents/Zotero/Articles/JohnsonD et al/1987/Johnson et al-1987-Theory of dynamic permeability and tortuosity in fluid-saturated porous media_3.pdf:application/pdf;Johnson et al-1987-Theory of dynamic permeability and tortuosity in fluid-saturated porous media.pdf:/home/dupont/Documents/Zotero/Articles/JohnsonD et al/1987/Johnson et al-1987-Theory of dynamic permeability and tortuosity in fluid-saturated porous media.pdf:application/pdf}
}



@article{mareze_rigid-frame_2012,
  title = {Rigid-{{Frame Porous Material Acoustic Attenuation}} on {{Compressor Discharge}}},
  url = {http://docs.lib.purdue.edu/icec/2201/},
  timestamp = {2017-08-21T19:45:20Z},
  author = {Mareze, Paulo Henrique and Lenzi, Arcanjo and Pellegrini, Claudio},
  urldate = {2017-08-21},
  date = {2012},
  file = {Rigid-Frame Porous Material Acoustic Attenuation on Compressor Di.pdf:/home/dupont/Documents/Zotero/Base/storage/FEMCATM8/Rigid-Frame Porous Material Acoustic Attenuation on Compressor Di.pdf:application/pdf}
}

@book{allard_propagation_2009,
  location = {{Chichester}},
  edition = {2. ed},
  title = {Propagation of Sound in Porous Media: Modelling Sound Absorbing Materials},
  isbn = {978-0-470-74661-5},
  shorttitle = {Propagation of Sound in Porous Media},
  pagetotal = {358},
  timestamp = {2017-02-03T17:12:18Z},
  langid = {english},
  publisher = {{Wiley}},
  author = {Allard, Jean F. and Atalla, Noureddine},
  date = {2009},
  note = {OCLC: 699014950},
  keywords = {Absorption of sound,Acoustic properties Mathematical models,Mathematisches Modell,Poröser Stoff,Porous materials,Porous materials Acoustic properties Mathematical models,Schallabsorption,Schallausbreitung,Sound,Sound Transmission,Transmission},
  file = {Allard-Atalla-2009-Propagation of sound in porous media.pdf:/home/dupont/Documents/Zotero/Articles/AllardJ-AtallaN/2009/Allard-Atalla-2009-Propagation of sound in porous media.pdf:application/pdf}
}

@article{villot_predicting_2001,
  title = {{{PREDICTING THE ACOUSTICAL RADIATION OF FINITE SIZE MULTI}}-{{LAYERED STRUCTURES BY APPLYING SPATIAL WINDOWING ON INFINITE STRUCTURES}}},
  volume = {245},
  issn = {0022460X},
  url = {http://linkinghub.elsevier.com/retrieve/pii/S0022460X01935928},
  doi = {10.1006/jsvi.2001.3592},
  timestamp = {2017-08-21T19:41:49Z},
  langid = {english},
  number = {3},
  journaltitle = {Journal of Sound and Vibration},
  author = {Villot, M. and Guigou, C. and Gagliardini, L.},
  urldate = {2017-08-21},
  date = {2001-08},
  pages = {433--455},
  file = {spatial_windowing_v7.pdf:/home/dupont/Documents/Zotero/Base/storage/8Z2URKNV/spatial_windowing_v7.pdf:application/pdf}
}

@article{kino_improvements_2007,
  title = {Improvements to the {{Johnson}}–{{Allard}} Model for Rigid-Framed Fibrous Materials},
  volume = {68},
  issn = {0003682X},
  url = {http://linkinghub.elsevier.com/retrieve/pii/S0003682X06001617},
  doi = {10.1016/j.apacoust.2006.07.005},
  timestamp = {2017-08-21T19:45:17Z},
  langid = {english},
  issue = {11-12},
  journaltitle = {Applied Acoustics},
  author = {Kino, Naoki and Ueno, Takayasu},
  urldate = {2017-08-21},
  date = {2007-11},
  pages = {1468--1484},
  file = {kino2007.pdf:/home/dupont/Documents/Zotero/Base/storage/7T9XBZF6/kino2007.pdf:application/pdf}
}

@thesis{gle_acoustique_2013,
  title = {Acoustique Des Matériaux Du bâTiment à Base de Fibres et Particules Végétales-Outils de Caractérisation, Modélisation et Optimisation},
  url = {https://tel.archives-ouvertes.fr/tel-00923665/},
  timestamp = {2017-08-21T19:41:38Z},
  institution = {{INSA de Lyon}},
  author = {Glé, Philippe},
  urldate = {2017-08-21},
  date = {2013},
  file = {2013_03_01_these.pdf:/home/dupont/Documents/Zotero/Base/storage/WJDX5W2E/2013_03_01_these.pdf:application/pdf}
}

@article{miki1990acoustical,
  title = {Acoustical Properties of Porous Materials-{{Modifications}} of {{Delany}}-{{Bazley}} Models},
  volume = {11},
  timestamp = {2017-02-07T16:55:11Z},
  number = {1},
  journaltitle = {Journal of the Acoustical Society of Japan (E)},
  author = {Miki, Yasushi},
  date = {1990},
  pages = {19--24},
  file = {Miki-1990-Acoustical properties of porous materials-Modifications of Delany-Bazley models.pdf:/home/dupont/Documents/Zotero/Articles/MikiY/1990/Miki-1990-Acoustical properties of porous materials-Modifications of Delany-Bazley models.pdf:application/pdf}
}

@article{delany_acoustical_1970,
  title = {Acoustical Properties of Fibrous Absorbent Materials},
  volume = {3},
  url = {http://www.sciencedirect.com/science/article/pii/0003682X70900319},
  timestamp = {2017-02-06T13:53:43Z},
  number = {2},
  journaltitle = {Applied acoustics},
  author = {Delany, M. E. and Bazley, E. N.},
  urldate = {2017-02-03},
  date = {1970},
  pages = {105--116},
  file = {Delany-Bazley-1970-Acoustical properties of fibrous absorbent materials.pdf:/home/dupont/Documents/Zotero/Articles/DelanyM-BazleyE/1970/Delany-Bazley-1970-Acoustical properties of fibrous absorbent materials.pdf:application/pdf}
}


